% This file was created with JabRef 2.9.2.
% Encoding: Cp1252

@ARTICLE{Bailey_2006,
  author = {Bailey, Michael R. and McAteer, James A. and Pishchalnikov, Yuri
	A. and Hamilton, Mark F. and Colonius, Tim},
  title = {Progress in Lithotripsy Research},
  year = {2006},
  volume = {2},
  number = {2},
  month = {April},
  pages = {18-29},
  journal = {Acoustics Today},
  owner = {HollowLord},
  timestamp = {2014.11.27}
}

@ARTICLE{Chakroun_1995,
  author = {Chakroun, Najet and Fink, Mathias A. and Wu, Francois},
  title = {Time Reversal Processing in Ultrasonic Nondestructive Testing},
  year = {1995},
  volume = {42},
  number = {6},
  month = {November},
  pages = {1087-1098},
  journal = {IEEE Transactions on Ultrasonics, Ferroelectrics and Frequency Control},
  owner = {HollowLord},
  timestamp = {2014.11.28}
}

@CONFERENCE{Cimino_1995,
  author = {Cimino, W. W. and Bond, L. J.},
  title = {Physics of Ultrasonic Surgery Using Tissue Fragmentation},
  booktitle = {IEEE Ultrasonics Symposium},
  year = {1995},
  organization = {IEEE},
  pages = {1597-1600},
  owner = {HollowLord},
  timestamp = {2014.11.26}
}

@ARTICLE{Marquet_2013,
  author = {Fabrice, Marquet and Boch, Anne-Laure and Pernot, Mathieu and Montaldo,
	Gabriel and Seilhean, Danielle and Fink, Mathias and Tanter, Mickael
	and Aubry, Jean-Francois},
  title = {Non-invasive ultrasonic surgery of the brain in non-human primates},
  year = {2013},
  volume = {134},
  number = {2},
  month = {August},
  pages = {1632-1639},
  journal = {Journal of the Acoustical Society of America},
  owner = {HollowLord},
  timestamp = {2014.11.26}
}

@PROCEEDINGS{Leighton_2013,
  title = {A new approach to ultrasonic cleaning},
  year = {2013},
  volume = {19},
  series = {Biomedical Acoustics},
  organization = {Acoustical Society of America},
  author = {Leighton, Timothy G. and Birkin, Peter and Offin, Doug},
  owner = {HollowLord},
  timestamp = {2014.11.26}
}

@TECHREPORT{Nichols_1968,
  author = {Nichols, Jr., R. H.},
  title = {Ultrasonic Plastics Staking and Welding},
  institution = {Acoustical Society of America},
  year = {1968},
  number = {2},
  owner = {HollowLord},
  timestamp = {2014.11.26},
  volume = {43}
}

@ARTICLE{Obrien_2000,
  author = {O'Brien, Jr., William D. and Frizzell, Leon A. and Weigel, Ronald
	M. and Zachar, James F.},
  title = {Ultrasound-induced lung hemorrhage is not caused by inertial cavitation},
  year = {2000},
  volume = {108},
  number = {3},
  month = {September},
  pages = {1290-1297},
  journal = {Journal of the Acoustical Society of America},
  owner = {HollowLord},
  timestamp = {2014.11.26}
}

@ARTICLE{Sun_1998,
  author = {Sun, Jie and Hynynen, Kullervo},
  title = {Focusing of therapeutic ultrasound through a human skull: A numerical
	study},
  year = {1998},
  volume = {104},
  number = {3},
  month = {September},
  pages = {1705-1715},
  journal = {Journal of the Acoustical Society of America},
  owner = {HollowLord},
  timestamp = {2014.11.26}
}

@ARTICLE{Thomas_1996,
  author = {Thomas, Jean-Louis and Fink, Mathias A.},
  title = {Ultrasonic Beam Focusing Through Tissue Inhomogeneities with a Time
	Reversal Mirror: Application to Transkull Therapy},
  year = {1996},
  volume = {43},
  number = {6},
  month = {November},
  pages = {1122-1129},
  journal = {IEEE Transactions on Ultrasonics, Ferroelectrics and Frequency Control},
  owner = {HollowLord},
  timestamp = {2014.11.26}
}

@ARTICLE{Wu_2013,
  author = {Wu, Feng},
  title = {High intensity focused ultrasound ablation and antitumor immune response},
  year = {2013},
  volume = {134},
  number = {2},
  month = {August},
  pages = {1695-1701},
  journal = {Journal of the Acoustical Society of America},
  owner = {HollowLord},
  timestamp = {2014.11.27}
}

